@book {HKT_book,
    AUTHOR = {Hirschfeld, J. W. P. and Korchm\'aros, G. and Torres, F.},
     TITLE = {Algebraic curves over a finite field},
    SERIES = {Princeton Series in Applied Mathematics},
 PUBLISHER = {Princeton University Press, Princeton, NJ},
      YEAR = {2008},
     PAGES = {xx+696},
      ISBN = {978-0-691-09679-7},
   MRCLASS = {14G15 (11G20 11T71 14-01 14C20 14Hxx)},
  MRNUMBER = {2386879},
MRREVIEWER = {C\'\i cero Carvalho},
}

@book {Stichtenoth_book,
    AUTHOR = {Stichtenoth, Henning},
     TITLE = {Algebraic function fields and codes},
    SERIES = {Graduate Texts in Mathematics},
    VOLUME = {254},
   EDITION = {Second},
 PUBLISHER = {Springer-Verlag, Berlin},
      YEAR = {2009},
     PAGES = {xiv+355},
      ISBN = {978-3-540-76877-7},
   MRCLASS = {14H05 (11R58 11T71 14G15 14G50 94B27)},
  MRNUMBER = {2464941},
}

@manual{GAP4,
  key          = "GAP",
  organization = "The GAP~Group",
  title        = "{GAP -- Groups, Algorithms, and Programming, Version 4.8.8}",
  year         = 2017,
  url          = "\verb+(https://www.gap-system.org)+",
}

@article {HoholdtPellikaan,
    AUTHOR = {H{\o}holdt, Tom and Pellikaan, Ruud},
     TITLE = {On the decoding of algebraic-geometric codes},
      NOTE = {Special issue on algebraic geometry codes},
   JOURNAL = {IEEE Trans. Inform. Theory},
  FJOURNAL = {Institute of Electrical and Electronics Engineers.
              Transactions on Information Theory},
    VOLUME = {41},
      YEAR = {1995},
    NUMBER = {6, part 1},
     PAGES = {1589--1614},
      ISSN = {0018-9448},
   MRCLASS = {94B27},
  MRNUMBER = {1391018},
       DOI = {10.1109/18.476214},
       URL = {https://doi.org/10.1109/18.476214},
}

@book {Goppa,
    AUTHOR = {Goppa, V. D.},
     TITLE = {Geometry and codes},
    SERIES = {Mathematics and its Applications (Soviet Series)},
    VOLUME = {24},
      NOTE = {Translated from the Russian by N. G. Shartse},
 PUBLISHER = {Kluwer Academic Publishers Group, Dordrecht},
      YEAR = {1988},
     PAGES = {x+157},
      ISBN = {90-277-2776-7},
   MRCLASS = {14G15 (11T71 94-02 94Bxx)},
  MRNUMBER = {1029027},
MRREVIEWER = {H. Mizuno},
       DOI = {10.1007/978-94-015-6870-8},
       URL = {https://doi.org/10.1007/978-94-015-6870-8},
}

@article {MatthewsMichel,
    AUTHOR = {Matthews, Gretchen L. and Michel, Todd W.},
     TITLE = {One-point codes using places of higher degree},
   JOURNAL = {IEEE Trans. Inform. Theory},
  FJOURNAL = {Institute of Electrical and Electronics Engineers.
              Transactions on Information Theory},
    VOLUME = {51},
      YEAR = {2005},
    NUMBER = {4},
     PAGES = {1590--1593},
      ISSN = {0018-9448},
   MRCLASS = {94B27},
  MRNUMBER = {2241519},
       DOI = {10.1109/TIT.2005.844058},
       URL = {https://doi.org/10.1109/TIT.2005.844058},
}

@book {HughesPiper,
    AUTHOR = {Hughes, Daniel R. and Piper, Fred C.},
     TITLE = {Projective planes},
      NOTE = {Graduate Texts in Mathematics, Vol. 6},
 PUBLISHER = {Springer-Verlag, New York-Berlin},
      YEAR = {1973},
     PAGES = {x+291},
   MRCLASS = {50D35},
  MRNUMBER = {0333959},
MRREVIEWER = {G. Pickert},
}

@book {Hirschfeld,
    AUTHOR = {Hirschfeld, J. W. P.},
     TITLE = {Projective geometries over finite fields},
    SERIES = {Oxford Mathematical Monographs},
   EDITION = {Second},
 PUBLISHER = {The Clarendon Press, Oxford University Press, New York},
      YEAR = {1998},
     PAGES = {xiv+555},
      ISBN = {0-19-850295-8},
   MRCLASS = {51E15 (05B25 51A30)},
  MRNUMBER = {1612570},
MRREVIEWER = {T. G. Ostrom},
}
